% ********** Bibliografia **********

% ***********************************************************
% W tym pliku powinny znaleźć się pozycje bibliograficzne
% ***********************************************************

@MISC{wytyczne,
	journal={Wydzia³ Telekomunikacji, Informatyki i Elektrotechnik},
	title={Regulamin Dyplomowania},
	note = {\url{http://wtie.utp.edu.pl/dla-dyplomantow/}[Data uzyskania dostępu: 30.06.2023]}
}

 @misc{pernice_2022, 
	title={Transport kolejowy: Noty Tematyczne O unii europejskiej: Parlament europejski}, 
 	note = {\url{https://www.europarl.europa.eu/factsheets/pl/sheet/130/transport-kolejowy} [Data uzyskania dostêpu: 04 02 2022]}, 
	journal={Noty tematyczne o Unii Europejskiej | Parlament Europejski},
	author={Pernice, Davide}, 
	year={2021},
	month={Mar} 
} 


@article{pawluk2001jak,
  title={Jak pisa{\'c} teksty techniczne poprawnie},
  author={Pawluk, K},
  journal={Wiadomo{\'s}ci Elektrotechniczne},
  volume={69},
  number={12},
  pages={513--515},
  year={2001}
}

@BOOK{Led2004,
    AUTHOR       = "S. Deorowicz and A. Skórczyñski",
    TITLE        = {LED documentation},
    PUBLISHER    = "",
    YEAR         = "2004",
    VOLUME       = "",
    SERIES       = "",
    ADDRESS      = "",
    EDITION      = "",
    MONTH        = "",
    NOTE         = ""
}

@article{srodowiska2003z,
  title={w sprawie szczeg{\'o}{\l}owych wymaga{\'n}, jakim powinny odpowiada{\'c} programy dzia{\l}a{\'n} maj{\k{a}}cych na celu ograniczenia odp{\l}ywu ze {\'z}r{\'o}de{\l} rolniczych z dnia 23 grudnia 2002 r.},
  author={{Rozporz{\k{a}}dzenie Ministra \'S}rodowiska},
  journal={Dz. U},
  number={4},
  year={2003}
}

@book{raport_czytelnictwa_2023,
  title={{Stan czytelnictwa książek w Polsce w 2023 roku}},
  publisher={Biblioteka Narodowa},
  year={2024},
  author={{Zofia Zasacka, Roman Chymkowski i Izabela Koryś}},
  address={Warszawa}
}

@book{raport_rynku_ebookow_2024,
  title={{eBook Market Size, Share, Trends \& Forecast to 2034}},
  publisher={Future Market Insights inc.},
  year={2024},
  author={{Sudip Saha}}
}

@misc{bookfusion_general_help_huide,
author={{BookFusion}},
  title        = {{BookFusion - oficjalna strona pomocy}},
  howpublished          = {\url{https://support.bookfusion.com/hc/en-us}},
  note         = {Dostęp: 24 listopada 2024 r.}
}

@misc{calibre_user_manual,
  title        = {{Calibre User Manual}},
  howpublished = {\url{https://manual.calibre-ebook.com/}},
  note         = {Dostęp: 24 listopada 2024 r.}
}

@misc{calibre_usage_statistics,
  title = {{Calibre Usage Statistics}},
  howpublished = {\url{https://calibre-ebook.com/dynamic/calibre-usage}},
  note = {Dostęp: 24 listopada 2024 r.}
}

@misc{gpl,
  author       = {{Free Software Foundation}},
  title        = {{GNU General Public License}},
  howpublished = {\url{https://www.gnu.org/licenses/gpl-3.0.html}},
  year         = {2007},
  note         = {Dostęp: 24 listopada 2024 r.},
}

@misc{format_comparision,
author={{Wikipedia}},
title={{Comparision of e-book formats}},
howpublished={\url{https://en.wikipedia.org/wiki/Comparison_of_e-book_formats}},
note = {Dostęp: 24 listopada 2024 r.}
}

@misc{sigil_user_guide,
author={{Sigil}},
title={{Sigil User Guide}},
howpublished={\url{https://sigil-ebook.com/sigil-user-guide}},
note={Dostęp: 24 listopada 2024 r.}
}

@misc{maven_guide,
author={{Apache Maven Project}},
title={{Maven Documentation}},
howpublished={\url{https://maven.apache.org/guides/index.html}},
note={Dostęp: 24 listopada 2024 r.}
}

@misc{junit_user_guide,
author={{JUnit}},
title={{JUnit 5 User Guide}},
howpublished={\url{https://junit.org/junit5/docs/current/user-guide/}},
note={Dostęp: 25 listopada 2024 r.}
}

@misc{assertj_docs,
author={{AssertJ}},
title={{AssertJ Documentation}},
howpublished={\url{https://assertj.github.io/doc/}},
note={Dostęp: 25 listopada 2024 r.}
}

@book{ci_book,
author={{Jez Humble, David Farley}},
title={{Ciągłe dostarczanie oprogramowania. Automatyzacja kompilacji, testowania i wdrażania}},
year={2015},
edition={{I}},
publisher={{Wydawnictwo Helion}},
}

@misc{github_actions_docs,
author={{GitHub}},
title={{GitHub Actions documentation}},
howpublished={\url{https://docs.github.com/en/actions}},
note={Dostęp: 26 listopada 2024 r.}
}

@misc{jenkins_docs,
author={{Jenkins}},
title={{Jenkins User Documentation}},
howpublished={\url{https://www.jenkins.io/doc/}},
note={Dostęp: 26 listopada 2024 r.}
}

@misc{aws_compliance,
author={{Amazon Web Services}},
title={{AWS Compliance Programs}},
howpublished={\url{https://aws.amazon.com/compliance/programs/}},
note={Dostęp: 27 listopada 2024 r.}
}

@misc{aws_case_Studies,
author={{Amazon Web Services}},
title={{AWS Case Studies - Customer Success Stories}},
howpublished={\url{https://aws.amazon.com/solutions/case-studies}},
note={Dostęp: 27 listopada 2024 r.}
}

@book{https_http_in_action,
author={{Barry Pollard}},
title={{HTTP/2 in Action}},
publisher={{Manning Publications}},
year={2019},
}

@book{packt_nginx,
author={{Clément Nedelcu}},
title={{Nginx HTTP Server}},
publisher={{Packt Publishing}},
edition={{IV}},
year={2018}
}

@misc{lets_encrypt_docs,
author={{Let's Encrypt}},
title={{Let's Encrypt Documentation}},
howpublished={\url{https://letsencrypt.org/docs/}},
note={Dostęp: 28 listopada 2024 r.}
}

@book{linux_administration_cookbook,
title={{Linux Administration Cookbook}},
author={{Adam K. Dean}},
publisher={Packt Publishing},
year={2018}
}

@misc{sonarqube,
title={{Static Code Analysis: Developer's Guide}},
author={{SonarQube}},
howpublished={\url{https://www.sonarsource.com/learn/static-code-analysis/}},
note={Dostęp: 28 listopada 2024 r.}
}

@book{pro_git,
title={{Pro Git}},
author={{Scott Chacon, Ben Straub}},
publisher={{Apress}},
year={2014},
edition={{II}}
}

@article{git_usage_stats,
  title={{Beyond Git: The other version control systems developers use}},
  author={{Ryan Donovan}},
journal={{Stack Overflow}},
year={2023}
}

@misc{angular_official_docs,
title={{Angular v19 Docs}},
author={{Angular}},
howpublished={\url{https://angular.dev/overview}},
note={Dostęp: 1 grudnia 2024 r.}
}

@book{mongodb_book,
title={{Przewodnik po MongoDB. Wydajna i skalowalna baza danych}},
author={{Shannon Bradshaw, Eoin Brazil, Kristina Chodorow}},
publisher={{Helion}},
year={2020},
edition={{III}}
}

@misc{aws_mongodb_vs_sql,
title={{MongoDB vs MySQL - Difference Between DB Management Systems}},
author={{AWS}},
howpublished={\url{https://aws.amazon.com/compare/the-difference-between-mongodb-vs-mysql/}},
note={Dostęp: 1 grudnia 2024 r.}
}

@misc{pandoc_user_manual,
title={{Pandoc User's Guide}},
author={{Pandoc}},
howpublished={\url{https://pandoc.org/MANUAL.html}},
note={Dostęp: 1 grudnia 2024 r.}
}

@book{spring_in_action_book,
title={{Spring w akcji}},
author={{Craig Walls}},
publisher={{Helion}},
year={2019},
edition={{V}}
}

@misc{amazon_polly_docs,
title={{Amazon Polly Documentation}},
author={{AWS}},
howpublished={\url{https://docs.aws.amazon.com/polly/}},
note={{Dostęp: 1 grudnia 2024 r.}}
}

@misc{amazon_s3_docs,
title={{Amazon Simple Storage Service Documentation}},
author={{AWS}},
howpublished={\url{https://docs.aws.amazon.com/s3/}},
note={{Dostęp: 1 grudnia 2024 r.}}
}

@misc{amazon_ses_docs,
title={{Amazon Simple Email Service Documentation}},
author={{AWS}},
howpublished={\url{https://docs.aws.amazon.com/ses/}},
note={{Dostęp: 1 grudnia 2024 r.}}
}

@misc{amazon_sqs_docs,
title={{Amazon Simple Queue Service Documentation}},
author={{AWS}},
howpublished={\url{https://docs.aws.amazon.com/sqs/}},
note={{Dostęp: 1 grudnia 2024 r.}}
}

@book{spring_security_in-action,
title={{Spring Security in Action}},
author={{Spilcá Laurenţiu}},
publisher={Manning Publications},
year={2020},
edition={{II}}
}

@misc{amazon_cognito_docs,
title={{Amazon Cognito Documentation}},
author={{AWS}},
howpublished={\url{https://docs.aws.amazon.com/cognito/}},
note={{Dostęp: 6 grudnia 2024 r.}}
}



% ********** Koniec bibliografii **********